@article{mei2014proximity,
  title={Proximity-based k-partitions clustering with ranking for document categorization and analysis},
  author={Mei, Jian-Ping and Chen, Lihui},
  journal={Expert systems with applications},
  volume={41},
  number={16},
  pages={7095--7105},
  year={2014},
  publisher={Elsevier}
}

@inproceedings{cutting2017scatter,
  title={Scatter/gather: A cluster-based approach to browsing large document collections},
  author={Cutting, Douglass R and Karger, David R and Pedersen, Jan O and Tukey, John W},
  booktitle={ACM SIGIR Forum},
  volume={51},
  number={2},
  pages={148--159},
  year={2017},
  organization={ACM New York, NY, USA}
}

@inproceedings{37745,
title	= {Topical clustering of search results},
author	= {Ugo Scaiella and Paolo Ferragina and Andrea Marino and Massimiliano Ciaramita},
year	= {2012},
booktitle	= {Proceedings of the fifth ACM international conference on Web search and data mining},
pages	= {223--232},
address	= {New York, NY, USA}
}

@inproceedings{navigli2010inducing,
  title={Inducing word senses to improve web search result clustering},
  author={Navigli, Roberto and Crisafulli, Giuseppe},
  booktitle={Proceedings of the 2010 conference on empirical methods in natural language processing},
  pages={116--126},
  year={2010}
}

@article{tsirakis2017large,
  title={Large scale opinion mining for social, news and blog data},
  author={Tsirakis, Nikos and Poulopoulos, Vasilis and Tsantilas, Panagiotis and Varlamis, Iraklis},
  journal={Journal of Systems and Software},
  volume={127},
  pages={237--248},
  year={2017},
  publisher={Elsevier}
}

@inproceedings{yang2017towards,
  title={Towards k-means-friendly spaces: Simultaneous deep learning and clustering},
  author={Yang, Bo and Fu, Xiao and Sidiropoulos, Nicholas D and Hong, Mingyi},
  booktitle={international conference on machine learning},
  pages={3861--3870},
  year={2017},
  organization={PMLR}
}

@article{vlastelica2019differentiation,
  title={Differentiation of blackbox combinatorial solvers},
  author={Vlastelica, Marin and Paulus, Anselm and Musil, V{\'\i}t and Martius, Georg and Rol{\'\i}nek, Michal},
  journal={arXiv preprint arXiv:1912.02175},
  year={2019}
}

@article{jones1972statistical,
  title={A statistical interpretation of term specificity and its application in retrieval},
  author={Jones, Karen Sparck},
  journal={Journal of documentation},
  year={1972},
  publisher={MCB UP Ltd}
}

@article{chen2017improved,
  title={Improved TFIDF in big news retrieval: An empirical study},
  author={Chen, Chien-Hsing},
  journal={Pattern Recognition Letters},
  volume={93},
  pages={113--122},
  year={2017},
  publisher={Elsevier}
}

@inproceedings{hadifar2019self,
  title={A self-training approach for short text clustering},
  author={Hadifar, Amir and Sterckx, Lucas and Demeester, Thomas and Develder, Chris},
  booktitle={Proceedings of the 4th Workshop on Representation Learning for NLP (RepL4NLP-2019)},
  pages={194--199},
  year={2019}
}

@article{xu2017self,
  title={Self-taught convolutional neural networks for short text clustering},
  author={Xu, Jiaming and Xu, Bo and Wang, Peng and Zheng, Suncong and Tian, Guanhua and Zhao, Jun},
  journal={Neural Networks},
  volume={88},
  pages={22--31},
  year={2017},
  publisher={Elsevier}
}

@inproceedings{basu2002semi,
  title={Semi-supervised clustering by seeding},
  author={Basu, Sugato and Banerjee, Arindam and Mooney, Raymond},
  booktitle={In Proceedings of 19th International Conference on Machine Learning (ICML-2002},
  year={2002},
  organization={Citeseer}
}

@article{kulis2009semi,
  title={Semi-supervised graph clustering: a kernel approach},
  author={Kulis, Brian and Basu, Sugato and Dhillon, Inderjit and Mooney, Raymond},
  journal={Machine learning},
  volume={74},
  number={1},
  pages={1--22},
  year={2009},
  publisher={Springer}
}

@article{min2018survey,
  title={A survey of clustering with deep learning: From the perspective of network architecture},
  author={Min, Erxue and Guo, Xifeng and Liu, Qiang and Zhang, Gen and Cui, Jianjing and Long, Jun},
  journal={IEEE Access},
  volume={6},
  pages={39501--39514},
  year={2018},
  publisher={IEEE}
}

@inproceedings{xie2016unsupervised,
  title={Unsupervised deep embedding for clustering analysis},
  author={Xie, Junyuan and Girshick, Ross and Farhadi, Ali},
  booktitle={International conference on machine learning},
  pages={478--487},
  year={2016},
  organization={PMLR}
}

@article{li2018discriminatively,
  title={Discriminatively boosted image clustering with fully convolutional auto-encoders},
  author={Li, Fengfu and Qiao, Hong and Zhang, Bo},
  journal={Pattern Recognition},
  volume={83},
  pages={161--173},
  year={2018},
  publisher={Elsevier}
}

@inproceedings{ghasedi2017deep,
  title={Deep clustering via joint convolutional autoencoder embedding and relative entropy minimization},
  author={Ghasedi Dizaji, Kamran and Herandi, Amirhossein and Deng, Cheng and Cai, Weidong and Huang, Heng},
  booktitle={Proceedings of the IEEE international conference on computer vision},
  pages={5736--5745},
  year={2017}
}

@article{jiang2016variational,
  title={Variational deep embedding: An unsupervised and generative approach to clustering},
  author={Jiang, Zhuxi and Zheng, Yin and Tan, Huachun and Tang, Bangsheng and Zhou, Hanning},
  journal={arXiv preprint arXiv:1611.05148},
  year={2016}
}

@inproceedings{yang2016joint,
  title={Joint unsupervised learning of deep representations and image clusters},
  author={Yang, Jianwei and Parikh, Devi and Batra, Dhruv},
  booktitle={Proceedings of the IEEE conference on computer vision and pattern recognition},
  pages={5147--5156},
  year={2016}
}

@inproceedings{chang2017deep,
  title={Deep adaptive image clustering},
  author={Chang, Jianlong and Wang, Lingfeng and Meng, Gaofeng and Xiang, Shiming and Pan, Chunhong},
  booktitle={Proceedings of the IEEE international conference on computer vision},
  pages={5879--5887},
  year={2017}
}

@article{reimers2019sentence,
  title={Sentence-bert: Sentence embeddings using siamese bert-networks},
  author={Reimers, Nils and Gurevych, Iryna},
  journal={arXiv preprint arXiv:1908.10084},
  year={2019}
}

@article{devlin2018bert,
  title={Bert: Pre-training of deep bidirectional transformers for language understanding},
  author={Devlin, Jacob and Chang, Ming-Wei and Lee, Kenton and Toutanova, Kristina},
  journal={arXiv preprint arXiv:1810.04805},
  year={2018}
}

@inproceedings{dor2018learning,
  title={Learning thematic similarity metric from article sections using triplet networks},
  author={Dor, Liat Ein and Mass, Yosi and Halfon, Alon and Venezian, Elad and Shnayderman, Ilya and Aharonov, Ranit and Slonim, Noam},
  booktitle={Proceedings of the 56th Annual Meeting of the Association for Computational Linguistics (Volume 2: Short Papers)},
  pages={49--54},
  year={2018}
}

@inproceedings{wang2019satnet,
  title={Satnet: Bridging deep learning and logical reasoning using a differentiable satisfiability solver},
  author={Wang, Po-Wei and Donti, Priya and Wilder, Bryan and Kolter, Zico},
  booktitle={International Conference on Machine Learning},
  pages={6545--6554},
  year={2019},
  organization={PMLR}
}

@article{wilder2019end,
  title={End to end learning and optimization on graphs},
  author={Wilder, Bryan and Ewing, Eric and Dilkina, Bistra and Tambe, Milind},
  journal={arXiv preprint arXiv:1905.13732},
  year={2019}
}

@inproceedings{optuna_2019,
    title={Optuna: A Next-generation Hyperparameter Optimization Framework},
    author={Akiba, Takuya and Sano, Shotaro and Yanase, Toshihiko and Ohta, Takeru and Koyama, Masanori},
    booktitle={Proceedings of the 25rd {ACM} {SIGKDD} International Conference on Knowledge Discovery and Data Mining},
    year={2019}
}

@article{bartlett1998sample,
  title={The sample complexity of pattern classification with neural networks: the size of the weights is more important than the size of the network},
  author={Bartlett, Peter L},
  journal={IEEE transactions on Information Theory},
  volume={44},
  number={2},
  pages={525--536},
  year={1998},
  publisher={IEEE}
}